% Encoding: windows-1252

@ARTICLE{AcostaGarcia2001,
  author = {Acosta, A. and Garc\'ia, P.},
  title = {Synchronization of non-identical chaotic systems: an exponential
	dichotomies approach},
  journal = {J. Phys. A: Math. Gen.},
  year = {2001},
  volume = {34},
  pages = {9143-9151}
}

@UNPUBLISHED{Adimy,
  author = {Adimy, M.},
  title = {Cours d'\'Equations Diff\'erentielles},
  note = {Universit\'e de Pau}
}

@BOOK{BhatiaSzego2002,
  title = {Stability Theory of Dynamical Systems},
  publisher = {Springer},
  year = {2002},
  author = {Bhatia, N.P. and Szego, B.P.},
  owner = {jarino},
  timestamp = {2011.02.16}
}

@BOOK{BrauerNohel1989,
  title = {The Qualitative Theory of Ordinary Differential Equations},
  publisher = {Dover},
  year = {1989},
  author = {Brauer, F. and Nohel, J.A.}
}

@BOOK{Cartan1997,
  title = {Cours de calcul diff\'erentiel},
  publisher = {Hermann},
  year = {1997},
  author = {Cartan, H.},
  address = {Paris},
  note = {Reprint of the 1977 edition}
}

@BOOK{Chicone1999,
  title = {Ordinary Differential Equations with Applications},
  publisher = {Springer},
  year = {1999},
  author = {Chicone, C.}
}

@BOOK{CoddingtonLevinson1984,
  title = {Theory of Ordinary Differential Equations},
  publisher = {Krieger},
  year = {1984},
  author = {Coddington, E.A. and Levinson, N.},
  owner = {jarino},
  timestamp = {24.09.2006}
}

@BOOK{CoddingtonLevinson1955,
  title = {Theory of Ordinary Differential Equations},
  publisher = {McGraw-Hill},
  year = {1955},
  author = {Coddington, E.A. and Levinson, N.}
}

@BOOK{Coppel1978,
  title = {Dichotomies in Stability Theory},
  publisher = {Springer-Verlag},
  year = {1978},
  author = {Coppel, W.A.},
  volume = {629},
  series = {Lecture Notes in Mathematics}
}

@BOOK{Dieudonne1979,
  title = {Fondements de l'analyse moderne},
  publisher = {Gauthier-Villars},
  year = {1979},
  author = {Dieudonn\'e, J.},
  volume = {El\'ements d'analyse}
}

@BOOK{Dieudonne1969,
  title = {Foundations of Modern Analysis},
  publisher = {Academic Press},
  year = {1969},
  author = {Dieudonn\'e, J.}
}

@BOOK{HaaserSullivan1991,
  title = {Real Analysis},
  publisher = {Dover},
  year = {1991},
  author = {Haaser, N.B. and Sullivan, J.A.},
  note = {Reprint of the 1971 edition}
}

@BOOK{Hale1980,
  title = {Ordinary Differential Equations},
  publisher = {Krieger},
  year = {1980},
  author = {Hale, J.K.}
}

@BOOK{Hartman1964,
  title = {Ordinary Differential Equations},
  publisher = {John Wiley \& Sons},
  year = {1964},
  author = {Hartman, P.}
}

@BOOK{HsiehSibuya1999,
  title = {Basic Theory of Ordinary Differential Equations},
  publisher = {Springer},
  year = {1999},
  author = {Hsieh, P.-F. and Sibuya, Y.}
}

@BOOK{KemenySnell1983,
	title = {Finite Markov Chains},
	author = {Kemeny, J.G. and Snell, J.L.},
	year = {1983},
	publisher = {Springer-Verlag},
}

@BOOK{Lang1972,
  title = {Linear Algebra},
  publisher = {Addison Wesley},
  year = {1972},
  author = {Lang, S.}
}

@BOOK{LinLin2000,
  title = {Linear Systems. Exponential Dichotomy and Structure of Sets of Hyperbolic
	Points},
  publisher = {World Scientific},
  year = {2000},
  author = {Lin, Z. and Lin, Y-X.}
}

@BOOK{Marquez2003,
  title = {Nonlinear Control Systems},
  publisher = {Wiley},
  year = {2003},
  author = {Marquez, H.J.}
}

@BOOK{MillerMichel1982,
  title = {Ordinary Differential Equations},
  publisher = {Academic Press},
  year = {1982},
  author = {Miller, R.K and Michel, A.N.}
}

@ARTICLE{Muldowney1984,
  author = {Muldowney, J.S},
  title = {Dichotomies and asymptotic behaviour for linear differential systems},
  journal = {Transactions of the AMS},
  year = {1984},
  volume = {283},
  pages = {465-484},
  number = {2}
}

@ARTICLE{Palmer1973,
  author = {Palmer, K.J.},
  title = {A generalization of {H}artman's linearization theorem},
  journal = {J. Math. Anal. Appl.},
  year = {1973},
  volume = {41},
  pages = {753-758}
}

@BOOK{Perko2001,
  title = {Differential Equations and Dynamical Systems},
  publisher = {Springer},
  year = {2001},
  author = {Perko, L.}
}

@BOOK{Schwartz1967,
  title = {Cours d'analyse},
  publisher = {Hermann},
  year = {1967},
  author = {Schwartz, L.},
  volume = {I},
  address = {Paris}
}

@BOOK{Smith1995,
  title = {Monotone dynamical systems},
  publisher = {American Mathematical Society},
  year = {1995},
  author = {Smith, H.L.},
  volume = {41},
  series = {Mathematical Surveys and Monographs},
  address = {Providence, RI},
  optnote = {An introduction to the theory of competitive and cooperative systems},
  owner = {jarino},
  timestamp = {2011.02.16}
}

@UNPUBLISHED{Wolkowicz,
  author = {Wolkowicz, G.W.},
  title = {M741},
  note = {McMaster University}
}

@BOOK{Yosida1991,
  title = {Lectures on Differential and Integral Equations},
  publisher = {Dover},
  year = {1991},
  author = {Yosida, K.}
}

@BOOK{Zabczyk1995,
  title = {Mathematical Control Theory: An Introduction},
  publisher = {Birkh\"auser},
  year = {1995},
  author = {Zabczyk, J.}
}

@Book{Windisch1989,
  title     = {M-matrices in Numerical Analysis},
  publisher = {Springer},
  year      = {1989},
  author    = {Windisch, G.},
}

@Comment{jabref-meta: databaseType:bibtex;}
